@article{ole:feedback,
	author = {Shi, J. and Mengshoel, O.J. and Pal, D.K.},
	title = {Feedback Control for Multi-modal Optimization using Genetic Algorithms}
	}
	
@article{feature:feedback,
	author = {Vafaie, H. and Jong, K.D.},
	title = {Genetic Algorithms as a Tool for Feature Selection in Machine Learning}
	}